% Defended :-)
@phdthesis{toumlilt2021colony,
  title  = {Colony: A Hybrid Consistency System for Highly-Available Collaborative Edge Computing},
  author = {Toumlilt, Ilyas},
  year   = {2021},
  school = {Sorbonne Universit{\'e}}
}